%% This BibTeX bibliography file was created using BibDesk.
%% http://bibdesk.sourceforge.net/


%% Created for Michael Frank at 2012-11-30 10:20:14 -0800 


%% Saved with string encoding Unicode (UTF-8) 



@article{aslin1996,
	Author = {Aslin, R.N. and Woodward, J.Z. and LaMendola, N.P. and Bever, T.G.},
	Date-Added = {2012-09-24 01:22:44 +0000},
	Date-Modified = {2012-09-24 01:22:47 +0000},
	Journal = {Signal to syntax: Bootstrapping from speech to grammar in early acquisition},
	Pages = {117--134},
	Title = {Models of word segmentation in fluent maternal speech to infants},
	Year = {1996}}

@article{hay2011b,
	Author = {Hay, J.F. and Saffran, J.R.},
	Date-Added = {2012-09-23 23:28:17 +0000},
	Date-Modified = {2012-11-30 18:20:14 +0000},
	Journal = {Infancy},
	Pages = {1--32},
	Title = {Rhythmic grouping biases constrain infant statistical learning},
	Year = {2012}}

@article{hay2011,
	Author = {Hay, J.F. and Pelucchi, B. and Estes, K.G. and Saffran, J.R.},
	Date-Added = {2012-09-23 23:27:54 +0000},
	Date-Modified = {2012-09-23 23:28:26 +0000},
	Journal = {Cognitive psychology},
	Number = {2},
	Pages = {93--106},
	Publisher = {Elsevier},
	Title = {Linking sounds to meanings: infant statistical learning in a natural language},
	Volume = {63},
	Year = {2011}}

@article{barrinpress,
	Author = {Barr, D. J. and Levy, R. and Scheepers, C. and Tily, H.},
	Date-Added = {2012-09-19 02:48:55 +0000},
	Date-Modified = {2012-11-30 17:32:47 +0000},
	Journal = {Journal of Memory and Language},
	Title = {Random-effects structure for confirmatory hypothesis testing: Keep it maximal},
	Year = {in press}}

@article{shukla2011,
	Author = {Shukla, M. and White, K. S. and Aslin, R. N.},
	Date-Added = {2012-09-19 01:45:11 +0000},
	Date-Modified = {2012-09-19 01:46:30 +0000},
	Journal = {Proceedings of the National Academy of Sciences},
	Pages = {6038---6043},
	Title = {Prosody guides the rapid mapping of auditory word forms onto visual objects in 6-mo-old infants},
	Volume = {108},
	Year = {2011}}

@article{gathercole1999,
	Author = {Gathercole, S.E.},
	Date-Added = {2012-09-19 01:03:15 +0000},
	Date-Modified = {2012-09-19 01:04:03 +0000},
	Journal = {Trends in Cognitive Sciences},
	Pages = {410--419},
	Title = {Cognitive approaches to the development of short-term memoryï¿¼},
	Volume = {3},
	Year = {1999}}

@incollection{carey1978,
	Address = {Cambridge, MA},
	Author = {Carey, S.},
	Booktitle = {Linguistic theory and psychological reality},
	Date-Added = {2012-09-19 01:01:04 +0000},
	Date-Modified = {2012-11-30 18:18:47 +0000},
	Editor = {Halle, M. and Bresnan, J. and Miller, G. A.},
	Journal = {Linguistic theory and psychological reality},
	Publisher = {MIT Press},
	Title = {The child as word learner},
	Year = {1978}}

@book{bloom2002,
	Address = {Cambridge, MA},
	Author = {Bloom, P.},
	Date-Added = {2012-09-19 01:00:59 +0000},
	Date-Modified = {2012-09-19 01:00:59 +0000},
	Publisher = {MIT Press},
	Title = {How children learn the meanings of words},
	Year = {2002}}

@article{brent1999a,
	Author = {Brent, M. R.},
	Date-Added = {2012-09-19 00:55:23 +0000},
	Date-Modified = {2012-09-19 00:55:23 +0000},
	Journal = {Trends in Cognitive Sciences},
	Number = {8},
	Pages = {294--301},
	Publisher = {Elsevier Ltd},
	Title = {{Speech segmentation and word discovery: A computational perspective}},
	Volume = {3},
	Year = {1999}}

@article{klein2005,
	Author = {Klein, D. and Manning, C. D.},
	Date-Added = {2012-09-19 00:45:26 +0000},
	Date-Modified = {2012-09-19 00:45:26 +0000},
	Journal = {Pattern Recognition},
	Pages = {1407--1419},
	Title = {Natural language grammar induction with a generative constituent-context model},
	Volume = {38},
	Year = {2005}}

@article{mcgaugh2000,
	Author = {McGaugh, J.L.},
	Date-Added = {2012-06-28 16:27:22 +0000},
	Date-Modified = {2012-06-28 16:27:25 +0000},
	Journal = {Science},
	Number = {5451},
	Pages = {248--251},
	Publisher = {American Association for the Advancement of Science},
	Title = {Memory--a century of consolidation},
	Volume = {287},
	Year = {2000}}

@article{mintz1995,
	Author = {Mintz, T.H. and Newport, E.L. and Bever, T.G.},
	Booktitle = {Cognitive Science},
	Date-Added = {2012-06-28 16:07:30 +0000},
	Date-Modified = {2012-10-31 18:41:49 +0000},
	Journal = {Cognitive Science},
	Organization = {Citeseer},
	Pages = {393--425},
	Title = {The distributional structure of grammatical categories in speech to young children},
	Volume = {26},
	Year = {2002}}

@article{swingley2005,
	Author = {Swingley, D.},
	Date-Added = {2012-06-28 16:07:02 +0000},
	Date-Modified = {2012-06-28 16:07:33 +0000},
	Journal = {Cognitive Psychology},
	Number = {1},
	Pages = {86--132},
	Publisher = {Elsevier},
	Title = {Statistical clustering and the contents of the infant vocabulary},
	Volume = {50},
	Year = {2005}}

@article{french2011,
	Author = {French, R.M. and Addyman, C. and Mareschal, D.},
	Date-Added = {2012-06-27 18:22:46 +0000},
	Date-Modified = {2012-08-12 19:59:24 +0000},
	Journal = {Psychological Review},
	Number = {4},
	Pages = {614},
	Publisher = {American Psychological Association},
	Title = {TRACX: A recognition-based connectionist framework for sequence segmentation and chunk extraction.},
	Volume = {118},
	Year = {2011}}

@article{johnson1989,
	Author = {Johnson, J.S. and Newport, E.L.},
	Date-Added = {2011-09-21 16:41:06 +0000},
	Date-Modified = {2012-11-30 18:16:50 +0000},
	Journal = {Cognitive Psychology},
	Number = {1},
	Pages = {60--99},
	Publisher = {Elsevier},
	Title = {{Critical period effects in second language learning: The influence of maturational state on the acquisition of English as a second language}},
	Volume = {21},
	Year = {1989}}

@article{gathercole2004,
	Author = {Gathercole, S.E. and Pickering, S.J. and Ambridge, B. and Wearing, H.},
	Date-Added = {2011-09-21 16:41:02 +0000},
	Date-Modified = {2011-09-21 16:41:02 +0000},
	Journal = {Developmental Psychology},
	Number = {2},
	Pages = {177},
	Publisher = {American Psychological Association},
	Title = {The structure of working memory from 4 to 15 years of age.},
	Volume = {40},
	Year = {2004}}

@article{snow1978,
	Author = {Snow, C.E. and Hoefnagel-H\"ohle, M.},
	Date-Added = {2011-09-21 16:40:49 +0000},
	Date-Modified = {2012-08-12 19:58:54 +0000},
	Journal = {Child Development},
	Pages = {1114--1128},
	Publisher = {JSTOR},
	Title = {The critical period for language acquisition: Evidence from second language learning},
	Year = {1978}}

@article{saffran1997,
	Author = {Saffran, J. R. and Newport, E.L. and Aslin, R.N. and Tunick, R.A. and Barrueco, S.},
	Date-Added = {2011-09-21 16:40:47 +0000},
	Date-Modified = {2011-09-21 16:42:08 +0000},
	Journal = {Psychological Science},
	Number = {2},
	Pages = {101},
	Publisher = {SAGE Publications},
	Title = {Incidental language learning: Listening (and learning) out of the corner of your ear},
	Volume = {8},
	Year = {1997}}

@book{jusczyk2000,
	Address = {Cambridge, MA},
	Author = {Jusczyk, P. W.},
	Date-Added = {2011-08-10 02:59:44 +0000},
	Date-Modified = {2012-06-28 16:10:12 +0000},
	Publisher = {The MIT Press},
	Title = {The discovery of spoken language},
	Year = {1997}}

@article{kurumada2011,
	Author = {Kurumada, C. and Meylan, S.C. and Frank, M.C.},
	Date-Added = {2011-04-25 14:51:02 -0700},
	Date-Modified = {2012-11-30 17:34:13 +0000},
	Journal = {Under review},
	Title = {Zipfian frequency distributions facilitate word segmentation in context}}

@book{zipf1965,
	Address = {New York, NY},
	Author = {Zipf, G.K.},
	Date-Added = {2011-04-25 14:48:58 -0700},
	Date-Modified = {2012-08-12 20:00:05 +0000},
	Publisher = {Hafner},
	Title = {Human behavior and the principle of least effort: An introduction to human ecology},
	Year = {1965}}

@article{morey2008,
	Author = {Morey, R.D. and Rouder, J.N. and Speckman, P.L.},
	Date-Added = {2011-04-25 14:33:38 -0700},
	Date-Modified = {2011-04-25 14:33:42 -0700},
	Issn = {0022-2496},
	Journal = {Journal of Mathematical Psychology},
	Number = {1},
	Pages = {21--36},
	Publisher = {Elsevier},
	Title = {A statistical model for discriminating between subliminal and near-liminal performance},
	Volume = {52},
	Year = {2008}}

@book{hart1995,
	Address = {Baltimore, MD},
	Author = {Hart, B. and Risley, T.R.},
	Date-Added = {2011-04-25 13:24:04 -0700},
	Date-Modified = {2011-04-25 13:24:04 -0700},
	Publisher = {Brookes Publishing Company},
	Title = {Meaningful differences in the everyday experience of young American children.},
	Year = {1995}}

@article{jusczyk1997,
	Author = {Jusczyk, P. W. and Hohne, E. A.},
	Date-Added = {2011-04-25 10:59:52 -0700},
	Date-Modified = {2011-08-10 02:49:09 +0000},
	Journal = {Science},
	Number = {5334},
	Pages = {1984--1986},
	Title = {Infants' memory for spoken words},
	Volume = {277},
	Year = {1997}}

@article{bahrick1993,
	Author = {Bahrick, H. P. and Bahrick, L. E. and Bahrick, A. S. and Bahrick, P. E.},
	Date-Added = {2011-04-25 10:56:00 -0700},
	Date-Modified = {2011-04-25 10:57:01 -0700},
	Journal = {Psychological Science},
	Number = {6},
	Pages = {316--323},
	Title = {Maintenance of foreign language vocabulary and the spacing effect},
	Volume = {4},
	Year = {1993}}

@article{anderson1990,
	Author = {Anderson, J. R. and Schooler, L. J.},
	Date-Added = {2011-04-25 10:55:41 -0700},
	Date-Modified = {2011-04-25 10:55:41 -0700},
	Journal = {Psychological Science},
	Number = {6},
	Pages = {396--408},
	Title = {Reflections of the environment in memory},
	Volume = {2},
	Year = {1990}}

@article{goodman2008,
	Author = {Goodman, J.C. and Dale, P.S. and Li, P.},
	Date-Added = {2011-04-25 10:37:24 -0700},
	Date-Modified = {2011-04-25 10:37:24 -0700},
	Journal = {Journal of Child Language},
	Pages = {515--531},
	Publisher = {Cambridge Univ Press},
	Title = {Does frequency count? Parental input and the acquisition of vocabulary},
	Url = {http://journals.cambridge.org/abstract_S0305000907008641},
	Volume = {35},
	Year = {2008},
	Bdsk-Url-1 = {http://journals.cambridge.org/abstract_S0305000907008641}}

@article{huttenlocher1991,
	Author = {Huttenlocher, J. and Haight, W. and Bryk, A. and Seltzer, M. and Lyons, T.},
	Date-Added = {2011-04-25 10:36:19 -0700},
	Date-Modified = {2011-04-25 10:36:19 -0700},
	Journal = {Developmental Psychology},
	Number = {2},
	Pages = {236--248},
	Title = {Early vocabulary growth: Relation to language input and gender.},
	Volume = {27},
	Year = {1991}}

@inproceedings{roy2009,
	Author = {Roy, B. C. and Frank, M. C. and Roy, D.},
	Booktitle = {{Proceedings of the 30th Annual Conference of the Cognitive Science Society}},
	Date-Added = {2011-04-25 10:32:39 -0700},
	Date-Modified = {2011-04-25 10:32:41 -0700},
	Title = {Exploring Word Learning in a High-Density Longitudinal Corpus},
	Year = {2009}}

@inproceedings{frank2010b,
	Author = {Frank, M. C. and Tily, H. and Arnon, I. and Goldwater, S.},
	Booktitle = {Proceedings of the Annual Meeting of the Cognitive Science Society},
	Date-Added = {2011-04-25 10:32:09 -0700},
	Date-Modified = {2011-04-25 10:32:11 -0700},
	Title = {Beyond transitional probability: Human learners impose a parsimony bias in statistical word segmentation},
	Year = {2010}}

@article{markson1997,
	Author = {Markson, L. and Bloom, P.},
	Date-Added = {2011-04-25 10:31:55 -0700},
	Date-Modified = {2011-04-25 10:31:55 -0700},
	Journal = {Nature},
	Pages = {813--815},
	Title = {Evidence against a dedicated system for word learning in children},
	Volume = {385},
	Year = {1997}}

@article{fenson1994,
	Author = {Fenson, L. and Dale, P.S. and Reznick, J.S. and Bates, E. and Thal, D.J. and Pethick, S.J. and Tomasello, M. and Mervis, C.B. and Stiles, J.},
	Date-Added = {2011-04-25 10:31:06 -0700},
	Date-Modified = {2011-04-25 10:31:06 -0700},
	Journal = {Monographs of the society for research in child development},
	Number = {5},
	Publisher = {JSTOR},
	Title = {Variability in early communicative development},
	Volume = {59},
	Year = {1994}}

@book{pinker1994,
	Address = {New York},
	Author = {Pinker, S.},
	Date-Added = {2011-04-25 10:30:31 -0700},
	Date-Modified = {2011-04-25 10:30:49 -0700},
	Publisher = {Morrow},
	Title = {The Language Instinct},
	Year = {1994}}

@article{mirman2008,
	Author = {Mirman, D. and Magnuson, J.S. and Graf Estes, K. and Dixon, J.A.},
	Date-Added = {2011-04-25 09:42:47 -0700},
	Date-Modified = {2011-04-25 09:43:08 -0700},
	Issn = {0010-0277},
	Journal = {Cognition},
	Number = {1},
	Pages = {271--280},
	Publisher = {Elsevier},
	Title = {The link between statistical segmentation and word learning in adults},
	Volume = {108},
	Year = {2008}}

@article{estes2007,
	Author = {Graf Estes, K. and Evans, J.L. and Alibali, M.W. and Saffran, J.R.},
	Date-Added = {2011-04-25 09:42:39 -0700},
	Date-Modified = {2011-04-25 09:43:01 -0700},
	Issn = {0956-7976},
	Journal = {Psychological Science},
	Number = {3},
	Pages = {254},
	Publisher = {SAGE Publications},
	Title = {Can Infants Map Meaning to Newly Segmented Words?},
	Volume = {18},
	Year = {2007}}

@article{kuhl2004,
	Author = {Kuhl, P.K.},
	Date-Added = {2011-04-25 09:34:44 -0700},
	Date-Modified = {2012-11-30 18:15:31 +0000},
	Issn = {1471-003X},
	Journal = {Nature Reviews Neuroscience},
	Number = {11},
	Pages = {831--843},
	Publisher = {Nature Publishing Group},
	Title = {{Early language acquisition: Cracking the speech code}},
	Volume = {5},
	Year = {2004}}

@article{yang2008,
	Author = {Yang, C.},
	Date-Added = {2011-04-25 09:32:48 -0700},
	Date-Modified = {2011-04-25 09:32:50 -0700},
	Issn = {1469-7742},
	Journal = {Journal of Linguistics},
	Number = {01},
	Pages = {205--228},
	Publisher = {Cambridge Univ Press},
	Title = {The great number crunch},
	Volume = {44},
	Year = {2008}}

@article{johnson2010,
	Author = {Johnson, E.K. and Tyler, M.D.},
	Date-Added = {2011-04-25 09:32:28 -0700},
	Date-Modified = {2011-04-25 09:32:50 -0700},
	Issn = {1467-7687},
	Journal = {Developmental Science},
	Number = {2},
	Pages = {339--345},
	Publisher = {Wiley Online Library},
	Title = {Testing the limits of statistical learning for word segmentation},
	Volume = {13},
	Year = {2010}}

@article{bates1996,
	Author = {Bates, E. and Elman, J.},
	Date-Added = {2011-04-25 09:27:44 -0700},
	Date-Modified = {2011-04-25 09:27:47 -0700},
	Issn = {0036-8075},
	Journal = {Science},
	Number = {5294},
	Pages = {1849},
	Publisher = {American Association for the Advancement of Science},
	Title = {Learning rediscovered},
	Volume = {274},
	Year = {1996}}

@article{pelucchi2009,
	Author = {Pelucchi, B. and Hay, J.F. and Saffran, J.R.},
	Date-Added = {2011-04-25 09:27:13 -0700},
	Date-Modified = {2011-04-25 09:27:15 -0700},
	Journal = {Child development},
	Number = {3},
	Pages = {674--685},
	Publisher = {Blackwell Publishing. 350 Main Street, Malden, MA 02148. Tel: 800-835-6770; Tel: 781-388-8599; Fax: 781-388-8232; e-mail: customerservices@ blackwellpublishing. com; Web site: http://www. blackwellpublishing. com/jnl\_default. asp},
	Title = {Statistical learning in a natural language by 8-month-old infants},
	Volume = {80},
	Year = {2009}}

@article{saffran2003,
	Author = {Saffran, J. R.},
	Date-Added = {2011-04-25 09:26:58 -0700},
	Date-Modified = {2011-04-25 09:34:14 -0700},
	Issn = {0963-7214},
	Journal = {Current Directions in Psychological Science},
	Number = {4},
	Pages = {110},
	Publisher = {SAGE Publications},
	Title = {Statistical Language Learning},
	Volume = {12},
	Year = {2003}}

@article{frank2010,
	Author = {Frank, M. C. and Goldwater, S. and Griffiths, T.L. and Tenenbaum, J.B.},
	Date-Added = {2011-04-25 09:21:04 -0700},
	Date-Modified = {2011-04-25 13:23:21 -0700},
	Issn = {0010-0277},
	Journal = {Cognition},
	Number = {2},
	Pages = {107--125},
	Publisher = {Elsevier},
	Title = {Modeling human performance in statistical word segmentation},
	Volume = {117},
	Year = {2010}}

@article{newport2004,
	Author = {Newport, E.L. and Aslin, R.N.},
	Date-Added = {2011-04-25 09:15:59 -0700},
	Date-Modified = {2011-04-25 09:16:01 -0700},
	Issn = {0010-0285},
	Journal = {Cognitive psychology},
	Number = {2},
	Pages = {127--162},
	Publisher = {Elsevier},
	Title = {Learning at a distance I. Statistical learning of non-adjacent dependencies},
	Volume = {48},
	Year = {2004}}

@incollection{levy2009,
	Author = {Roger P. Levy and Florencia Reali and Thomas L. Griffiths},
	Booktitle = {Advances in Neural Information Processing Systems 21},
	Date-Added = {2010-03-15 12:28:59 -0400},
	Date-Modified = {2010-03-15 12:29:06 -0400},
	Editor = {D. Koller and D. Schuurmans and Y. Bengio and L. Bottou},
	Pages = {937--944},
	Title = {Modeling the effects of memory on human online sentence processing with particle filters},
	Year = {2009}}

@incollection{goldwater2005,
	Address = {Cambridge, MA},
	Author = {Sharon Goldwater and Tom Griffiths and Mark Johnson},
	Booktitle = {Advances in Neural Information Processing Systems 18},
	Date-Added = {2010-03-15 12:27:20 -0400},
	Date-Modified = {2010-03-15 12:28:42 -0400},
	Editor = {Y. Weiss and B. Sch\"{o}lkopf and J. Platt},
	Pages = {459--466},
	Publisher = {MIT Press},
	Title = {Interpolating between types and tokens by estimating power-law generators},
	Year = {2006}}

@incollection{vulinpress,
	Author = {Ed Vul and Michael Frank and George Alvarez and Joshua Tenenbaum},
	Booktitle = {Advances in Neural Information Processing Systems 22},
	Date-Added = {2010-03-15 12:20:00 -0400},
	Date-Modified = {2010-03-15 12:20:06 -0400},
	Editor = {Y. Bengio and D. Schuurmans and J. Lafferty and C. K. I. Williams and A. Culotta},
	Pages = {1955--1963},
	Title = {Explaining human multiple object tracking as resource-constrained approximate inference in a dynamic probabilistic model},
	Year = {2009}}

@article{mackay1994,
	Author = {David J. C. MacKay and Linda C. Bauman Peto},
	Date-Added = {2010-03-15 12:15:27 -0400},
	Date-Modified = {2010-03-15 12:17:19 -0400},
	Journal = {Natural Language Engineering},
	Pages = {1--19},
	Title = {A Hierarchical Dirichlet Language Model},
	Volume = {1},
	Year = {1994}}

@article{perruchet2003,
	Author = {Perruchet, P. and Vinter, A.},
	Date-Added = {2010-01-21 22:10:01 -0500},
	Date-Modified = {2010-07-15 14:50:41 -0400},
	Journal = {Behavioral and Brain Sciences},
	Number = {03},
	Pages = {360--380},
	Publisher = {Cambridge Univ Press},
	Title = {The self-organizing consciousness as an alternative model of the mind},
	Volume = {25},
	Year = {2002}}

@book{mackay2003,
	Author = {MacKay, D. J. C.},
	Date-Added = {2010-01-20 15:00:55 -0500},
	Date-Modified = {2010-03-15 12:17:33 -0400},
	Publisher = {Cambridge University Press},
	Title = {Information theory, inference, and learning algorithms},
	Year = {2003}}

@article{newport1990,
	Author = {Newport, E.L.},
	Date-Added = {2009-09-07 16:39:03 +0100},
	Date-Modified = {2010-03-15 13:34:15 -0400},
	Journal = {Cognitive Science},
	Pages = {11--28},
	Publisher = {Psychology Press},
	Title = {Maturational constraints on language learning},
	Volume = {14},
	Year = {1990}}

@article{gomez2002,
	Author = {G{\'o}mez, R.L.},
	Date-Added = {2009-09-07 16:34:27 +0100},
	Date-Modified = {2009-09-07 16:36:08 +0100},
	Journal = {Psychological Science},
	Pages = {431--436},
	Title = {Variability and Detection of Invariant Structure},
	Volume = {13},
	Year = {2002}}

@article{cowan2001,
	Author = {Cowan, N.},
	Date-Added = {2009-08-27 18:20:22 -0400},
	Date-Modified = {2010-03-15 13:27:08 -0400},
	Journal = {Behavioral and Brain Sciences},
	Number = {1},
	Pages = {87--114},
	Title = {The magical number 4 in short-term memory: A reconsideration of mental storage capacity},
	Volume = {24},
	Year = {2001}}

@article{miller1965,
	Author = {Miller, GA},
	Date-Added = {2009-08-27 18:19:29 -0400},
	Date-Modified = {2009-08-27 18:19:36 -0400},
	Journal = {Psychological Review},
	Pages = {81--97},
	Title = {The magic number seven, plus or minus two},
	Volume = {63},
	Year = {1965}}

@book{aitchison2003,
	Address = {Oxford, UK},
	Author = {Aitchison, J.},
	Date-Added = {2009-08-27 18:18:10 -0400},
	Date-Modified = {2010-03-15 13:26:07 -0400},
	Publisher = {Blackwell},
	Title = {Words in the mind: An introduction to the mental lexicon},
	Year = {2003}}

@book{hastie2005,
	Address = {New York, NY},
	Author = {Hastie, T. and Tibshirani, R. and Friedman, J. and Franklin, J.},
	Date-Added = {2009-08-27 18:01:19 -0400},
	Date-Modified = {2009-08-27 18:02:15 -0400},
	Journal = {The Mathematical Intelligencer},
	Pages = {83--85},
	Publisher = {Springer},
	Title = {The elements of statistical learning: data mining, inference and prediction},
	Year = {2005}}

@article{brown2009,
	Author = {Brown, S.D. and Steyvers, M.},
	Date-Added = {2009-08-26 10:12:56 -0400},
	Date-Modified = {2009-08-26 10:13:04 -0400},
	Journal = {Cognitive Psychology},
	Number = {1},
	Pages = {49--67},
	Publisher = {Elsevier},
	Title = {Detecting and predicting changes},
	Volume = {58},
	Year = {2009}}

@article{daw2008,
	Author = {Daw, N. and Courville, A.},
	Date-Added = {2009-08-26 10:12:13 -0400},
	Date-Modified = {2009-08-26 10:12:26 -0400},
	Journal = {Advances in Neural Information Processing Systems},
	Pages = {369--376},
	Title = {The pigeon as particle filter},
	Volume = {20},
	Year = {2008}}

@inproceedings{sanborn2006,
	Author = {Sanborn, A.N. and Griffiths, T.L. and Navarro, D.J.},
	Booktitle = {{Proceedings of the 28th annual conference of the Cognitive Science Society}},
	Date-Added = {2009-08-26 10:11:32 -0400},
	Date-Modified = {2010-03-15 13:35:17 -0400},
	Pages = {726--731},
	Title = {A more rational model of categorization},
	Year = {2006}}

@article{gerkensubmitted,
	Author = {Richtsmeier, P. T. and Gerken, L. and Ohala, D. K.},
	Date-Added = {2009-08-24 16:34:32 -0400},
	Date-Modified = {2009-08-26 10:06:40 -0400},
	Title = {Contributions of phonetic token variability and word-type frequency to phonological representations},
	Year = {submitted}}

@article{gerkeninpress,
	Author = {Gerken, L. and Bollt, A.},
	Date-Added = {2009-08-16 14:54:59 -0500},
	Date-Modified = {2009-08-19 15:47:59 -0400},
	Journal = {Language Learning and Development},
	Pages = {228-248},
	Title = {Three exemplars allow at least some linguistic generalizations: Implications for generalization mechanisms and constraints},
	Volume = {3},
	Year = {2008}}

@incollection{dayan2000,
	Address = {Cambridge, MA},
	Author = {Dayan, P. and Kakade, S.},
	Booktitle = {Advances in Neural Information Processing Systems 14},
	Date-Added = {2009-08-16 14:41:42 -0500},
	Date-Modified = {2010-03-15 12:30:33 -0400},
	Editor = {Thomas G. Dietterich and Suzanna Becker and Zoubin Ghahramani},
	Publisher = {MIT Press},
	Title = {Explaining away in weight space},
	Year = {2000}}

@book{doucet2001,
	Address = {New York, NY},
	Author = {Doucet, A. and De Freitas, N. and Gordon, N.},
	Date-Added = {2009-08-14 11:34:34 -0500},
	Date-Modified = {2010-03-15 13:27:35 -0400},
	Publisher = {Springer Verlag},
	Title = {{Sequential Monte Carlo methods in practice}},
	Year = {2001}}

@inproceedings{johnson2008,
	Author = {Johnson, M. H.},
	Booktitle = {{Human Language Technology and Association for Computational Linguistics}},
	Date-Added = {2009-07-13 18:30:05 -0700},
	Date-Modified = {2010-03-15 13:33:04 -0400},
	Pages = {398---406},
	Title = {Using adaptor grammars to identify synergies in the unsupervised acquisition of linguistic structure},
	Year = {2008}}

@inproceedings{liang2009,
	Author = {Liang, P. and Klein, D.},
	Booktitle = {{Proceedings of Human Language Technologies: The 2009 Annual Conference of the North American Chapter of the Association for Computational Linguistics}},
	Date-Added = {2009-07-13 18:28:56 -0700},
	Date-Modified = {2009-08-26 10:07:22 -0400},
	Organization = {Association for Computational Linguistics},
	Pages = {611--619},
	Title = {{Online EM for Unsupervised Models}},
	Year = {2009}}

@inproceedings{johnson2009,
	Author = {Johnson, M. H. and Goldwater, S.},
	Booktitle = {Proceedings of Human Language Technologies: The 2009 Annual Conference of the North American Chapter of the Association for Computational Linguistics},
	Date-Added = {2009-06-28 17:30:08 -0400},
	Date-Modified = {2009-08-27 18:04:13 -0400},
	Pages = {317-325},
	Title = {Improving nonparameteric Bayesian inference: experiments on unsupervised word segmentation with adaptor grammars},
	Year = {2009}}

@article{jusczyk1995,
	Author = {Jusczyk, P. W. and Aslin, R. N.},
	Date-Added = {2009-06-28 17:24:40 -0400},
	Date-Modified = {2011-09-21 16:40:24 +0000},
	Journal = {Cognitive Psychology},
	Number = {1},
	Pages = {1-23},
	Title = {Infantsâ² Detection of the Sound Patterns of Words in Fluent Speech},
	Url = {http://scholar.google.com/scholar.bib?hl=en&lr=&q=info:NiT2H2ibWcUJ:scholar.google.com/&output=citation&oe=MACINTOSH&oi=citation},
	Volume = {29},
	Year = {1995},
	Bdsk-Url-1 = {http://scholar.google.com/scholar.bib?hl=en&lr=&q=info:NiT2H2ibWcUJ:scholar.google.com/&output=citation&oe=MACINTOSH&oi=citation}}

@book{chomsky1965,
	Author = {Chomsky, N.},
	Date-Added = {2009-06-28 17:22:32 -0400},
	Date-Modified = {2009-06-28 17:22:36 -0400},
	Publisher = {MIT press},
	Title = {Aspects of the Theory of Syntax},
	Year = {1965}}

@book{jurafsky2008,
	Author = {Jurafsky, D. and Martin, J.H.},
	Date-Added = {2009-06-28 17:21:18 -0400},
	Date-Modified = {2009-06-28 17:21:22 -0400},
	Publisher = {Prentice Hall},
	Title = {Speech and language processing},
	Year = {2008}}

@book{jurafsky2000sal,
	Author = {Jurafsky, D. and Martin, J.H. and Kehler, A. and Vander Linden, K. and Ward, N.},
	Date-Added = {2009-06-28 17:21:12 -0400},
	Date-Modified = {2009-06-28 17:21:12 -0400},
	Publisher = {MIT Press},
	Title = {Speech and language processing: An introduction to natural language processing, computational linguistics, and speech recognition},
	Year = {2000}}

@book{manning1999,
	Address = {Cambridge, MA},
	Author = {Manning, C.D. and Sch{\"u}tze, H.},
	Date-Added = {2009-06-28 17:20:43 -0400},
	Date-Modified = {2010-03-15 12:29:26 -0400},
	Publisher = {MIT Press},
	Title = {Foundations of statistical natural language processing},
	Year = {1999}}

@inproceedings{teh2006,
	Author = {Teh, Y.W.},
	Booktitle = {{Proceedings of the 21st International Conference on Computational Linguistics and the 44th annual meeting of the Association for Computational Linguistics}},
	Date-Added = {2009-06-28 17:10:17 -0400},
	Date-Modified = {2010-03-15 13:35:27 -0400},
	Organization = {Association for Computational Linguistics Morristown, NJ, USA},
	Pages = {985--992},
	Title = {{A hierarchical Bayesian language model based on Pitman-Yor processes}},
	Year = {2006}}

@book{gelman2004,
	Address = {London, UK},
	Author = {Gelman, A. and Carlin, J. B. and Stern, H. S. and Rubin, D. B.},
	Date-Added = {2009-06-28 17:06:47 -0400},
	Date-Modified = {2010-03-15 13:32:13 -0400},
	Edition = {2nd},
	Publisher = {Chapman and Hall},
	Title = {{Bayesian data analysis}},
	Year = {2004}}

@article{posner1968,
	Author = {Posner, MI and Keele, SW},
	Date-Added = {2009-06-28 17:05:58 -0400},
	Date-Modified = {2009-06-28 17:06:01 -0400},
	Journal = {Journal of Experimental Psychology},
	Number = {3},
	Pages = {353},
	Title = {{On the genesis of abstract ideas.}},
	Volume = {77},
	Year = {1968}}

@article{endress2009,
	Author = {Endress, A. and Mehler, J.},
	Date-Added = {2009-04-12 18:57:17 -0400},
	Date-Modified = {2009-06-28 17:33:38 -0400},
	Journal = {Journal of Memory and Language},
	Number = {3},
	Pages = {351--367},
	Title = {{The surprising power of statistical learning: When fragment knowledge leads to false memories of unheard words}},
	Volume = {60},
	Year = {2009}}

@article{orban2008,
	Author = {Orb{\'a}n, G. and Fiser, J. and Aslin, R. N. and Lengyel, M.},
	Date-Added = {2009-04-12 18:44:13 -0400},
	Date-Modified = {2010-03-15 12:29:34 -0400},
	Journal = {Proceedings of the National Academy of Sciences},
	Pages = {2745--2750},
	Title = {{Bayesian learning of visual chunks by human observers Bayesian learning of visual chunks by human observers}},
	Volume = {105},
	Year = {2008}}

@article{giroux2009,
	Author = {Giroux, I. and Rey, A.},
	Date-Added = {2009-04-11 13:55:20 -0500},
	Date-Modified = {2009-04-11 13:56:07 -0500},
	Journal = {Cognitive Science},
	Pages = {260-272},
	Title = {Lexical and Sublexical Units in Speech Perception},
	Volume = {33},
	Year = {2009}}

@article{yang2004,
	Author = {Yang, C.D.},
	Date-Added = {2009-04-10 18:13:55 -0500},
	Date-Modified = {2009-04-10 18:13:59 -0500},
	Journal = {Trends in Cognitive Sciences},
	Number = {10},
	Pages = {451--456},
	Publisher = {Elsevier},
	Title = {{Universal Grammar, statistics or both?}},
	Volume = {8},
	Year = {2004}}

@article{kirkpatrick1983,
	Author = {Kirkpatrick, S. and Gelatt, CD and Vecchi, MP},
	Date-Added = {2009-04-10 14:00:47 -0500},
	Date-Modified = {2009-04-10 14:00:51 -0500},
	Journal = {Science},
	Number = {4598},
	Pages = {671--680},
	Title = {{Optimization by simulated annealing}},
	Volume = {220},
	Year = {1983}}

@article{marinari1992,
	Author = {Marinari, E. and Parisi, G.},
	Date-Added = {2009-04-10 14:00:18 -0500},
	Date-Modified = {2009-04-10 14:00:31 -0500},
	Journal = {Europhysics Letters},
	Number = {6},
	Pages = {451--458},
	Title = {{Simulated tempering: a new Monte Carlo scheme}},
	Volume = {19},
	Year = {1992}}

@inproceedings{frank2007,
	Address = {Mahwah, NJ},
	Author = {Frank, M. and Goldwater, S. and Mansinghka, V. K. and Griffiths, T. and Tenenbaum, J.},
	Booktitle = {{Proceedings of the 28th Annual Conference of Cognitive Science Society.}},
	Date-Added = {2009-04-10 12:44:13 -0500},
	Date-Modified = {2009-07-21 10:34:48 -0400},
	Publisher = {Lawrence Earlbaum, Inc.},
	Title = {{Modeling human performance on statistical word segmentation tasks}},
	Year = {2007}}

@article{elman1990,
	Author = {Elman, J.L.},
	Date-Added = {2009-04-10 12:26:21 -0500},
	Date-Modified = {2010-03-15 13:29:22 -0400},
	Journal = {Cognitive Science},
	Number = {2},
	Pages = {179--211},
	Publisher = {Elsevier},
	Title = {{Finding structure in time}},
	Volume = {14},
	Year = {1990}}

@article{christiansen1998,
	Author = {Christiansen, M.H. and Allen, J. and Seidenberg, M.S.},
	Date-Added = {2009-04-10 12:25:57 -0500},
	Date-Modified = {2009-04-10 12:26:02 -0500},
	Journal = {Language and cognitive processes},
	Number = {2/3},
	Pages = {221--268},
	Publisher = {LAWRENCE ERLBAUM ASSOCIATES LTD},
	Title = {{Learning to segment speech using multiple cues: A connectionist model}},
	Volume = {13},
	Year = {1998}}

@article{goldwater2009,
	Author = {Goldwater, S. and Griffiths, T.L. and Johnson, M.},
	Date-Added = {2009-04-10 12:21:01 -0500},
	Date-Modified = {2009-06-28 17:27:28 -0400},
	Journal = {Cognition},
	Pages = {21-54},
	Title = {{A Bayesian framework for word segmentation: Exploring the effects of context.}},
	Volume = {112},
	Year = {2009}}

@inproceedings{goldwater2006,
	Author = {Goldwater, S. and Griffiths, T.L. and Johnson, M.},
	Booktitle = {{Proceedings of the Annual Meeting of the Association for Computational Linguistics}},
	Date-Added = {2009-04-10 12:20:56 -0500},
	Date-Modified = {2010-03-15 13:32:41 -0400},
	Number = {2},
	Pages = {673},
	Title = {{Contextual dependencies in unsupervised word segmentation}},
	Volume = {44},
	Year = {2006}}

@book{gelman2006,
	Address = {Cambridge, UK},
	Author = {Gelman, A. and Hill, J.},
	Date-Added = {2009-04-10 10:10:21 -0500},
	Date-Modified = {2009-04-10 12:27:59 -0500},
	Publisher = {Cambridge University Press},
	Title = {{Data analysis using regression and multilevel/hierarchical models}},
	Year = {2006}}

@inproceedings{dutoit1996,
	Address = {Philadelphia, PA},
	Author = {Dutoit, T. and Pagel, V. and Pierret, N. and Bataille, F. and Van Der Vrecken, O.},
	Booktitle = {Proceedings of the Fourth International Conference on Spoken Language},
	Date-Added = {2009-04-10 10:04:37 -0500},
	Date-Modified = {2010-03-15 13:28:59 -0400},
	Pages = {1393--1396},
	Title = {{The MBROLA project: towards a set of high quality speechsynthesizers free of use for non commercial purposes}},
	Volume = {3},
	Year = {1996}}

@article{mcdonald2003,
	Author = {McDonald, S.A. and Shillcock, R.C.},
	Date-Added = {2009-04-10 09:47:07 -0500},
	Date-Modified = {2009-04-10 09:47:26 -0500},
	Journal = {Psychological Science},
	Pages = {648-652},
	Title = {{Eye movements reveal the on-line computation of lexical probabilities during reading}},
	Volume = {14},
	Year = {2003}}

@article{onnis2008,
	Author = {Onnis, L. and Waterfall, H.R. and Edelman, S.},
	Date-Added = {2009-04-10 09:41:49 -0500},
	Date-Modified = {2009-04-10 09:41:52 -0500},
	Journal = {Cognition},
	Number = {3},
	Pages = {423--430},
	Publisher = {Elsevier},
	Title = {{Learn locally, act globally: Learning language from variation set cues}},
	Volume = {109},
	Year = {2008}}

@article{frisson2005,
	Author = {Frisson, S. and Rayner, K. and Pickering, M.J.},
	Date-Added = {2009-04-10 09:41:23 -0500},
	Date-Modified = {2009-04-10 09:41:26 -0500},
	Journal = {Learning, Memory},
	Number = {5},
	Pages = {862--877},
	Title = {{Effects of contextual predictability and transitional probability on eye movements during reading}},
	Volume = {31},
	Year = {2005}}

@article{thompson2007,
	Author = {Thompson, S.P. and Newport, E.L.},
	Date-Added = {2009-04-10 09:40:46 -0500},
	Date-Modified = {2009-04-10 09:40:50 -0500},
	Journal = {Language Learning and Development},
	Number = {1},
	Pages = {1--42},
	Publisher = {Lawrence Erlbaum Associates, Inc. 10 Industrial Avenue Mahwah, NJ 07430-2262 USA},
	Title = {{Statistical learning of syntax: The role of transitional probability}},
	Volume = {3},
	Year = {2007}}

@article{saffran1996a,
	Author = {Saffran, J. R. and Aslin, R.N. and Newport, E.L.},
	Date-Added = {2009-04-10 09:33:00 -0500},
	Date-Modified = {2009-04-12 18:37:01 -0400},
	Journal = {Science},
	Number = {5294},
	Pages = {1926},
	Publisher = {AAAS},
	Title = {{Statistical learning by 8-month-old infants}},
	Volume = {274},
	Year = {1996}}

@article{saffran1996b,
	Author = {Saffran, J. R. and Newport, E. L. and Aslin, R. N.},
	Date-Added = {2009-02-08 13:09:50 -0500},
	Date-Modified = {2009-02-08 13:09:50 -0500},
	Journal = {Journal of Memory and Language},
	Number = {4},
	Pages = {606-621},
	Title = {Word segmentation: The role of distributional cues},
	Volume = {35},
	Year = {1996}}

@article{hauser2001,
	Author = {Hauser, M. D. and Newport, E. L. and Aslin, R. N.},
	Date-Added = {2009-02-08 13:09:50 -0500},
	Date-Modified = {2009-02-08 13:09:50 -0500},
	Journal = {Cognition},
	Pages = {B53-B64},
	Title = {Segmentation of the speech stream in a human primate: statistical learning in cotton-top tamarins},
	Volume = {78},
	Year = {2001}}

@article{toro2005,
	Author = {Toro, J. M. and Trobalon, J. B.},
	Date-Added = {2009-02-08 13:09:50 -0500},
	Date-Modified = {2009-04-10 14:23:38 -0500},
	Journal = {Perception and Psychophysics},
	Number = {5},
	Pages = {867-875},
	Title = {Statistical computations over a speech stream in a rodent},
	Volume = {67},
	Year = {2005}}

@article{kirkham2002,
	Author = {Kirkham, N. Z. and Slemmer, J. A. and Johnson, S. P.},
	Date-Added = {2009-02-08 13:09:50 -0500},
	Date-Modified = {2009-02-08 13:09:50 -0500},
	Journal = {Cognition},
	Pages = {B35-B42},
	Title = {Visual statistical learning in infancy: evidence for a domain general learning mechanism},
	Volume = {83},
	Year = {2002}}

@article{conway2005,
	Author = {Conway, C. M. and Christiansen, M. H.},
	Date-Added = {2009-02-08 13:09:50 -0500},
	Date-Modified = {2009-02-08 13:09:50 -0500},
	Journal = {Journal of Experimental Psychology Learning Memory and Cognition},
	Number = {1},
	Pages = {24-3916},
	Title = {Modality-Constrained Statistical Learning of Tactile, Visual, and Auditory Sequences},
	Volume = {31},
	Year = {2005}}

@article{fiser2002,
	Author = {Fiser, J. and Aslin, R. N.},
	Date-Added = {2009-02-08 13:09:50 -0500},
	Date-Modified = {2009-02-08 13:09:50 -0500},
	Journal = {Proceedings of the National Academy of Sciences},
	Number = {24},
	Pages = {15822-15826},
	Title = {Statistical learning of new visual feature combinations by infants},
	Volume = {99},
	Year = {2002}}

@article{brady2008,
	Author = {Brady, T.F. and Oliva, A.},
	Date-Added = {2009-02-08 13:09:50 -0500},
	Date-Modified = {2010-03-15 13:26:26 -0400},
	Journal = {Psychological Science},
	Pages = {678--685},
	Title = {Statistical learning using real-world scenes: extracting categorical regularities without conscious intent.},
	Volume = {7},
	Year = {2008}}

@inproceedings{gurekis2007,
	Address = {Mahwah, NJ},
	Author = {Gureckis, T. M. and Love, B. C.},
	Booktitle = {Proceedings of the 28th Annual Conference of Cognitive Science Society.},
	Date-Added = {2009-02-08 13:09:50 -0500},
	Date-Modified = {2009-04-10 12:25:26 -0500},
	Publisher = {Lawrence Earlbaum, Inc.},
	Title = {Behaviorism Reborn? Statistical Learning as Simple Conditioning.},
	Year = {2007}}

@incollection{luce1963,
	Address = {New York},
	Author = {Luce, R. D.},
	Booktitle = {Handbook of Mathematical Psychology},
	Date-Added = {2009-02-08 13:09:50 -0500},
	Date-Modified = {2010-08-20 11:27:12 -0400},
	Editor = {Luce, R. D. and Bush, R. R. and Galanter, E.},
	Publisher = {Wiley},
	Title = {Detection and recognition},
	Year = {1963}}

@book{harris1951,
	Address = {Chicago, IL},
	Author = {Harris, Z. S.},
	Date-Added = {2009-02-08 13:09:50 -0500},
	Date-Modified = {2009-04-10 12:27:02 -0500},
	Publisher = {University of Chicago Press},
	Title = {Methods in structural linguistics},
	Year = {1951}}

@article{chen1999,
	Author = {Chen, S. F. and Goodman, J.},
	Date-Added = {2009-02-08 13:09:50 -0500},
	Date-Modified = {2009-04-10 12:24:23 -0500},
	Journal = {Computer Speech and Language},
	Number = {4},
	Pages = {359-394},
	Title = {An empirical study of smoothing techniques for language modeling},
	Volume = {13},
	Year = {1999}}

@article{perruchet1998,
	Author = {Perruchet, P. and Vinter, A.},
	Date-Added = {2009-02-08 13:09:50 -0500},
	Date-Modified = {2010-03-15 12:29:43 -0400},
	Journal = {Journal of Memory and Language},
	Number = {246-263},
	Title = {{PARSER: A model for word segmentation}},
	Volume = {39},
	Year = {1998}}

@article{brent1999b,
	Author = {Brent, M. R.},
	Date-Added = {2009-02-08 13:09:50 -0500},
	Date-Modified = {2009-08-08 08:38:26 -0400},
	Journal = {Machine Learning},
	Number = {1},
	Pages = {71-105},
	Title = {An Efficient, Probabilistically Sound Algorithm for Segmentation and Word Discovery},
	Volume = {34},
	Year = {1999}}

@article{saffran1999,
	Author = {Saffran, J. R. and Johnson, E. K. and Aslin, R. N. and Newport, E. L.},
	Date-Added = {2009-02-08 13:08:35 -0500},
	Date-Modified = {2009-02-08 13:08:35 -0500},
	Journal = {Cognition},
	Number = {1},
	Pages = {27-52},
	Title = {Statistical learning of tone sequences by human infants and adults},
	Volume = {70},
	Year = {1999}}

@article{aslin1998,
	Author = {Aslin, R. N. and Saffran, J. R. and Newport, E. L.},
	Date-Added = {2009-02-08 13:08:24 -0500},
	Date-Modified = {2009-02-08 13:08:24 -0500},
	Journal = {Psychological Science},
	Number = {4},
	Pages = {321-324},
	Title = {Computation of Conditional Probability Statistics by 8-Month-Old Infants},
	Volume = {9},
	Year = {1998}}
